<record><leader>00000nas a22000007i 4500</leader><controlfield tag="001">982378165</controlfield><controlfield tag="008">170414c20179999okuwr ne      |   a0eng  </controlfield><datafield ind1=" " ind2=" " tag="010"><subfield code="a">  2017201510</subfield></datafield><datafield ind1=" " ind2=" " tag="040"><subfield code="a">DLC</subfield><subfield code="b">eng</subfield><subfield code="e">rda</subfield><subfield code="c">DLC</subfield></datafield><datafield ind1=" " ind2=" " tag="012"><subfield code="m">y</subfield></datafield><datafield ind1="1" ind2=" " tag="022"><subfield code="a">2572-7311</subfield><subfield code="2">1</subfield></datafield><datafield ind1=" " ind2=" " tag="032"><subfield code="a">406100</subfield><subfield code="b">USPS</subfield></datafield><datafield ind1=" " ind2=" " tag="037"><subfield code="b">Yukon Progress Publishing Co. LLC, 508 W. Vandament, Suite 204, Yukon, OK 73099</subfield></datafield><datafield ind1=" " ind2=" " tag="042"><subfield code="a">nsdp</subfield><subfield code="a">pcc</subfield></datafield><datafield ind1="1" ind2="0" tag="050"><subfield code="a">ISSN RECORD</subfield></datafield><datafield ind1=" " ind2="0" tag="222"><subfield code="a">Yukon progress</subfield></datafield><datafield ind1="0" ind2="0" tag="245"><subfield code="a">Yukon progress.</subfield></datafield><datafield ind1=" " ind2="1" tag="264"><subfield code="a">Yukon, OK :</subfield><subfield code="b">Yukon Progress Publishing Company, LLC,</subfield><subfield code="c">2017-</subfield></datafield><datafield ind1=" " ind2=" " tag="310"><subfield code="a">Weekly</subfield></datafield><datafield ind1=" " ind2=" " tag="336"><subfield code="a">text</subfield><subfield code="b">txt</subfield><subfield code="2">rdacontent</subfield></datafield><datafield ind1=" " ind2=" " tag="337"><subfield code="a">unmediated</subfield><subfield code="b">n</subfield><subfield code="2">rdamedia</subfield></datafield><datafield ind1=" " ind2=" " tag="338"><subfield code="a">volume</subfield><subfield code="b">nc</subfield><subfield code="2">rdacarrier</subfield></datafield><datafield ind1="1" ind2=" " tag="362"><subfield code="a">Began with April 1, 2017 issue.</subfield></datafield><datafield ind1=" " ind2=" " tag="588"><subfield code="a">Description based on surrogate of: Saturday April 1, 2017; title from masthead.</subfield></datafield><datafield ind1=" " ind2=" " tag="588"><subfield code="a">Latest issue consulted:  Saturday April 1, 2017 (Surrogate).</subfield></datafield><datafield ind1=" " ind2=" " tag="752"><subfield code="a">United States</subfield><subfield code="b">Oklahoma</subfield><subfield code="c">Oklahoma</subfield><subfield code="d">Yukon.</subfield></datafield><datafield ind1=" " ind2=" " tag="752"><subfield code="a">United States</subfield><subfield code="b">Oklahoma</subfield><subfield code="c">Canadian</subfield><subfield code="d">Okarche.</subfield></datafield><datafield ind1="0" ind2="0" tag="780"><subfield code="t">Okarche chieftain</subfield><subfield code="x">8750-393X</subfield><subfield code="w">(DLC)sn 84001930</subfield><subfield code="w">(OCoLC)11407274</subfield></datafield></record>